<?xml version="1.0" encoding="utf-8"?>
<record xmlns="http://www.loc.gov/MARC21/slim" xmlns:xsi="http://www.w3.org/2001/XMLSchema-instance" xsi:schemaLocation="http://www.loc.gov/MARC21/slim http://www.loc.gov/standards/marcxml/schema/MARC21slim.xsd">
	<leader>     nam a22     Mi 4500</leader>
	<controlfield tag="001">3073396</controlfield>
	<controlfield tag="003">NNC</controlfield>
	<controlfield tag="006">m        d        </controlfield>
	<controlfield tag="007">cr cn |||m|||a</controlfield>
	<controlfield tag="008">181206s1905    ua      o     000 0 ara d</controlfield>
	<datafield ind1=" " ind2=" " tag="040">
		<subfield code="a">ZYU</subfield>
		<subfield code="b">ara</subfield>
		<subfield code="e">rda</subfield>
		<subfield code="c">ZYU</subfield>
	</datafield>
	<datafield ind1=" " ind2="4" tag="050">
		<subfield code="a">BP135.2</subfield>
		<subfield code="b">.i2 1905</subfield>
	</datafield>
	<datafield ind1="1" ind2=" " tag="100">
		<subfield code="6">880-01</subfield>
		<subfield code="a">Ibn al-Athīr, Majd al-Dīn al-Mubārak ibn Muḥammad,</subfield>
		<subfield code="d">1149-1209.</subfield>
	</datafield>
	<datafield ind1="1" ind2="3" tag="245">
		<subfield code="6">880-02</subfield>
		<subfield code="a">Al-nihāyah fi gharīb al-Ḥadīth w-al-athar /</subfield>
		<subfield code="c">lil-Majd al-Din Abi al-Sa`adat al-Mubarak ibn Muhammad ibn Muhammad al-Jazari al-ma`ruf Ibn Athir.</subfield>
	</datafield>
	<datafield ind1=" " ind2=" " tag="260">
		<subfield code="6">880-03</subfield>
		<subfield code="a">al-Qāhirah :</subfield>
		<subfield code="b">al-Maṭbaʻah al-Khayrīyah,</subfield>
		<subfield code="c">[1905?]</subfield>
	</datafield>
	<datafield ind1=" " ind2=" " tag="300">
		<subfield code="a">online resource (4 volumes)</subfield>
	</datafield>
	<datafield ind1=" " ind2=" " tag="336">
		<subfield code="a">text</subfield>
		<subfield code="2">rdacontent</subfield>
	</datafield>
	<datafield ind1=" " ind2=" " tag="337">
		<subfield code="a">computer</subfield>
		<subfield code="2">rdamedia</subfield>
	</datafield>
	<datafield ind1=" " ind2=" " tag="338">
		<subfield code="a">online resource</subfield>
		<subfield code="2">rdacarrier</subfield>
	</datafield>
	<datafield ind1=" " ind2=" " tag="500">
		<subfield code="a">Part of the Arabic Collections Online (ACO) project, contributed by Columbia University Libraries.</subfield>
	</datafield>
	<datafield ind1=" " ind2=" " tag="533">
		<subfield code="a">Electronic reproduction.</subfield>
		<subfield code="b">New York, N.Y. :</subfield>
		<subfield code="c">New York University,</subfield>
		<subfield code="d">2018.</subfield>
		<subfield code="5">NNU</subfield>
	</datafield>
	<datafield ind1=" " ind2=" " tag="546">
		<subfield code="a">Title-pages and text in Arabic.</subfield>
	</datafield>
	<datafield ind1=" " ind2="0" tag="650">
		<subfield code="a">Hadith.</subfield>
	</datafield>
	<datafield ind1=" " ind2="7" tag="650">
		<subfield code="a">Hadith.</subfield>
		<subfield code="2">fast</subfield>
		<subfield code="0">(OCoLC)fst00950112</subfield>
	</datafield>
	<datafield ind1="1" ind2="2" tag="700">
		<subfield code="6">880-04</subfield>
		<subfield code="a">Rāghib al-Iṣfahānī, Abū al-Qāsim al-Ḥusayn ibn Muḥammad,</subfield>
		<subfield code="d">-1108 or 1109.</subfield>
		<subfield code="t">Nihāyah fī gharīb al-ḥadīth wa-al-athar.</subfield>
	</datafield>
	<datafield ind1="0" ind2="2" tag="700">
		<subfield code="6">880-05</subfield>
		<subfield code="a">Suyūṭī,</subfield>
		<subfield code="d">1445-1505.</subfield>
		<subfield code="t">Durr al-nathīr.</subfield>
	</datafield>
	<datafield ind1="1" ind2="2" tag="700">
		<subfield code="6">880-06</subfield>
		<subfield code="a">ʻAskarī, al-Ḥasan ibn ʻAbd Allāh,</subfield>
		<subfield code="d">906-993.</subfield>
		<subfield code="t">Nihāyah fī gharīb al-ḥadīth wa-al-athar.</subfield>
	</datafield>
	<datafield ind1="2" ind2=" " tag="710">
		<subfield code="a">Columbia University.</subfield>
		<subfield code="b">Libraries.</subfield>
	</datafield>
	<datafield ind1="0" ind2=" " tag="730">
		<subfield code="a">Arabic Collections Online.</subfield>
	</datafield>
	<datafield ind1="0" ind2="8" tag="776">
		<subfield code="i">Print version:</subfield>
		<subfield code="a">Ibn al-Athīr, Majd al-Dīn al-Mubārak ibn Muḥammad, 1149-1209.</subfield>
		<subfield code="t">Al-nihāyah fi gharīb al-Ḥadīth w-al-athar</subfield>
		<subfield code="w">(NNC)3073396</subfield>
		<subfield code="w">(OCoLC)42915113</subfield>
	</datafield>
	<datafield ind1="4" ind2="0" tag="856">
		<subfield code="u">http://hdl.handle.net/2333.1/c866t7sh</subfield>
	</datafield>
	<datafield ind1="1" ind2=" " tag="880">
		<subfield code="6">100-01</subfield>
		<subfield code="a">ابن الاثير، مجد الدين المبارك بن محمد،</subfield>
		<subfield code="d">1149-1209.</subfield>
	</datafield>
	<datafield ind1="1" ind2="2" tag="880">
		<subfield code="6">245-02</subfield>
		<subfield code="a">النهاية في غريب الحديث والأثر /</subfield>
		<subfield code="c">لمجد الدين أبي السعادات بن الأثير. ومعه في الصلب الدر النثير تلخيص نهاية ابن الأثير / لجلال الدين السيوطي، وبالهامش كتابان أحدهما مفردات الراغب الأصفهاني في غريب القرآن وثانيهما تصحيفات المحدثين / للحافظ أبي أحمد الحسن بن عبد الله العسكري.</subfield>
	</datafield>
	<datafield ind1=" " ind2=" " tag="880">
		<subfield code="6">260-03</subfield>
		<subfield code="a">القاهرة :</subfield>
		<subfield code="b">المطبعة الخيرية،</subfield>
		<subfield code="c">[1905؟]</subfield>
	</datafield>
	<datafield ind1="1" ind2="2" tag="880">
		<subfield code="6">700-04</subfield>
		<subfield code="a">راغب الاصفهاني، أبو القاسم الحسين بن محمد.</subfield>
		<subfield code="t">نهاية في غريب الحديث والأثر.</subfield>
	</datafield>
	<datafield ind1="0" ind2="2" tag="880">
		<subfield code="6">700-05</subfield>
		<subfield code="a">سيوطي.</subfield>
		<subfield code="t">در النثير.</subfield>
	</datafield>
	<datafield ind1="1" ind2="2" tag="880">
		<subfield code="6">700-06</subfield>
		<subfield code="a">عسكري، الحسن بن عبد الله.</subfield>
		<subfield code="t">نهاية في غريب الحديث والأثر.</subfield>
	</datafield>
	<datafield ind1=" " ind2=" " tag="959">
		<subfield code="a">NNU</subfield>
		<subfield code="b">WEB</subfield>
		<subfield code="c">GENI</subfield>
		<subfield code="t">0</subfield>
		<subfield code="m">Electronic access</subfield>
		<subfield code="s">01</subfield>
	</datafield>
	<datafield ind1=" " ind2=" " tag="999">
		<subfield code="i">NNC_3073396</subfield>
		<subfield code="o">(OCoLC)ocm42915113</subfield>
		<subfield code="s">columbia_aco003108:v.1</subfield>
		<subfield code="s">columbia_aco003109:v.2</subfield>
		<subfield code="s">columbia_aco003110:v.3</subfield>
		<subfield code="s">columbia_aco003111:v.4</subfield>
		<subfield code="e">(ERROR-880)(ERROR-MISC)</subfield>
		<subfield code="s">columbia_aco003108:v.1</subfield>
		<subfield code="s">columbia_aco003109:v.2</subfield>
		<subfield code="s">columbia_aco003110:v.3</subfield>
		<subfield code="s">columbia_aco003111:v.4</subfield>
	</datafield>
</record>
